<?xml version="1.0" encoding="UTF-8"?><record xmlns="http://www.loc.gov/MARC21/slim" xmlns:cinclude="http://apache.org/cocoon/include/1.0" xmlns:zs="http://www.loc.gov/zing/srw/">
  <leader>00515cz  a2200145n  4500</leader>
  <controlfield tag="001">n  88127304 </controlfield>
  <controlfield tag="003">DLC</controlfield>
  <controlfield tag="005">20080303080620.0</controlfield>
  <controlfield tag="008">880708n| acannaabn          |a ana     c</controlfield>
  <datafield tag="010" ind1=" " ind2=" ">
    <subfield code="a">n  88127304 </subfield>
  </datafield>
  <datafield tag="035" ind1=" " ind2=" ">
    <subfield code="a">(OCoLC)oca02315773</subfield>
  </datafield>
  <datafield tag="040" ind1=" " ind2=" ">
    <subfield code="a">DGPO</subfield>
    <subfield code="b">eng</subfield>
    <subfield code="c">DLC</subfield>
    <subfield code="d">OCoLC</subfield>
  </datafield>
  <datafield tag="110" ind1="2" ind2=" ">
    <subfield code="a">University of Washington.</subfield>
    <subfield code="b">Washington Research Organization</subfield>
  </datafield>
  <datafield tag="410" ind1="2" ind2=" ">
    <subfield code="a">UWRO</subfield>
  </datafield>
  <datafield tag="670" ind1=" " ind2=" ">
    <subfield code="a">Investigating the problem of skill generalization, 1985:</subfield>
    <subfield code="b">t.p. (Washington Research Organization, University of Washington, Seattle, WA) p. vii (UWRO)</subfield>
  </datafield>
</record>